<?xml version="1.0" encoding="UTF-8"?><collection xmlns="http://www.loc.gov/MARC21/slim"><record><leader>00404nam--2200133-i-4500</leader><controlfield tag="001">000040387</controlfield><controlfield tag="002">20161230</controlfield><controlfield tag="005">20161230201042</controlfield><controlfield tag="008">060222s1000------------r-----000-0-eng-d</controlfield><datafield ind1=" " ind2=" " tag="080"><subfield code="a">621.37.029.6(043)</subfield></datafield><datafield ind1=" " ind2=" " tag="100"><subfield code="a">Sauve,Bernard</subfield></datafield><datafield ind1=" " ind2=" " tag="245"><subfield code="a">Recherches sur les microlihnes a ruban: etude de la propagation par une methode d`equation...these</subfield></datafield><datafield ind1=" " ind2=" " tag="260"><subfield code="a">Paris Vi, Univ. Paris Vi, 1973. 118 P</subfield></datafield><datafield ind1=" " ind2=" " tag="852"><subfield code="a">40319</subfield></datafield></record></collection>